@article{laird2010principles,
  title={Principles and challenges of genome-wide DNA methylation analysis},
  author={Laird, Peter W},
  journal={Nature Reviews Genetics},
  volume={11},
  number={3},
  pages={191--203},
  year={2010},
  publisher={Nature Publishing Group}
}
  @techreport{infinium,
   AUTHOR = "{illumina}",
   TITLE = "{Ifinium HumanMethylation450 BeadChip}",
   HOWPUBLISHED = {Online},
   TYPE="{Data Sheet}",
   YEAR = {2012},
   MONTH = {March},
   ISSN = {2070-1721},
   URL={http://www.illumina.com/content/dam/illumina-marketing/documents/products/datasheets/datasheet_humanmethylation450.pdf}
   }
   
   @article{zhang2015predicting,
  title={Predicting genome-wide DNA methylation using methylation marks, genomic position, and DNA regulatory elements},
  author={Zhang, Weiwei and Spector, Tim D and Deloukas, Panos and Bell, Jordana T and Engelhardt, Barbara E},
  journal={Genome Biol},
  volume={16},
  pages={14},
  year={2015}
}

@article{ziller2013charting,
  title={Charting a dynamic DNA methylation landscape of the human genome},
  author={Ziller, Michael J and Gu, Hongcang and M{\"u}ller, Fabian and Donaghey, Julie and Tsai, Linus T-Y and Kohlbacher, Oliver and De Jager, Philip L and Rosen, Evan D and Bennett, David A and Bernstein, Bradley E and others},
  journal={Nature},
  volume={500},
  number={7463},
  pages={477--481},
  year={2013},
  publisher={Nature Publishing Group}
}